@article{simoncini2016computational,
  title={Computational methods for linear matrix equations},
  author={Simoncini, Valeria},
  journal={SIAM Review},
  volume={58},
  number={3},
  pages={377--441},
  year={2016},
  publisher={SIAM}
}

@article{pakravan2021solving,
  title={Solving inverse-PDE problems with physics-aware neural networks},
  author={Pakravan, Samira and Mistani, Pouria A and Aragon-Calvo, Miguel A and Gibou, Frederic},
  journal={Journal of Computational Physics},
  volume={440},
  pages={110414},
  year={2021},
  publisher={Elsevier}
}

@article{sallee1984middle,
  title={The middle-cut triangulations of the n-cube},
  author={Sallee, John F},
  journal={SIAM Journal on Algebraic Discrete Methods},
  volume={5},
  number={3},
  pages={407--419},
  year={1984},
  publisher={SIAM}
}

@article{min2007geometric,
  title={Geometric integration over irregular domains with application to level-set methods},
  author={Min, Chohong and Gibou, Fr{\'e}d{\'e}ric},
  journal={Journal of Computational Physics},
  volume={226},
  number={2},
  pages={1432--1443},
  year={2007},
  publisher={Elsevier}
}

@article{sylvester1884equation,
  title={Sur lâ€™{\'e}quation en matrices px= xq},
  author={Sylvester, James Joseph},
  journal={CR Acad. Sci. Paris},
  volume={99},
  number={2},
  pages={67--71},
  year={1884}
}

@article{bochkov2020solving,
  title={Solving elliptic interface problems with jump conditions on Cartesian grids},
  author={Bochkov, Daniil and Gibou, Frederic},
  journal={Journal of Computational Physics},
  volume={407},
  pages={109269},
  year={2020},
  publisher={Elsevier}
}

@article{sgura2019parameter,
  title={Parameter estimation for a morphochemical reaction-diffusion model of electrochemical pattern formation},
  author={Sgura, Ivonne and Lawless, Amos S and Bozzini, Benedetto},
  journal={Inverse Problems in Science and Engineering},
  volume={27},
  number={5},
  pages={618--647},
  year={2019},
  publisher={Taylor \& Francis}
}

@article{ascher1995implicit,
  title={Implicit-explicit methods for time-dependent partial differential equations},
  author={Ascher, Uri M and Ruuth, Steven J and Wetton, Brian TR},
  journal={SIAM Journal on Numerical Analysis},
  volume={32},
  number={3},
  pages={797--823},
  year={1995},
  publisher={SIAM}
}

@article{hajarian2013matrix,
  title={Matrix iterative methods for solving the Sylvester-transpose and periodic Sylvester matrix equations},
  author={Hajarian, Masoud},
  journal={Journal of the Franklin Institute},
  volume={350},
  number={10},
  pages={3328--3341},
  year={2013},
  publisher={Elsevier}
}